%%%%%%%%%%%%%%%%%%%%%%%%%%%%%%%%%%%%%%%%%%%%%%%%%%%%%%%%%%%%%%%%%%%%%%%%%%%%%%%%
% BIBLIOGRAFÍA                                                                 %
%                                                                              %
% Objetivo: Recopilar las referencias a información utilizadas y/o algunas     %
%           otras que puedan resultar interesantes                             %
%%%%%%%%%%%%%%%%%%%%%%%%%%%%%%%%%%%%%%%%%%%%%%%%%%%%%%%%%%%%%%%%%%%%%%%%%%%%%%%%
@Misc{AprendizaxeServizo,
  language = {spanish},
  author = {Red Española Aprendizaje-servicio},
  title = {Aprender haciendo un servicio a la comunidad},
  url = {https://rfdonnelly.github.io/posts/tauri-async-rust-process/},
  note = {\today}
}

@Misc{TauriAsyncRustProcess,
  language = {english},
  author = {Rob Donnelly},
  title = {Tauri + Async Rust Process},
  url = {https://rfdonnelly.github.io/posts/tauri-async-rust-process/},
  year = 2021,
  note = {\today}
}


